%% This BibTeX bibliography file was created using BibDesk.
%% http://bibdesk.sourceforge.net/


%% Created for mih at 2012-06-12 16:57:28 +0200 


%% Saved with string encoding Unicode (UTF-8) 



@misc{fdt,
	Author = {Powerflasher},
	Date-Added = {2012-06-12 11:35:39 +0000},
	Date-Modified = {2012-06-12 11:45:44 +0000},
	Lastchecked = {12. Juni 2012},
	Title = {FDT - Actionscript, Flash, Flex, MXML, HaXe - IDE, Editor},
	Url = {http://fdt.powerflasher.com/},
	Year = {2012},
	Bdsk-Url-1 = {http://fdt.powerflasher.com/}}

@misc{pivotal,
	Author = {Pivotal Labs},
	Date-Added = {2012-06-12 19:43:18 +0000},
	Date-Modified = {2012-06-12 11:46:40 +0000},
	Lastchecked = {12. Juni 2012},
	Title = {Pivotal Tracker},
	Url = {https://www.pivotaltracker.com/},
	Year = {2012},
	Bdsk-Url-1 = {https://www.pivotaltracker.com/}}

@misc{flex,
	Author = {Adobe},
	Date-Added = {2012-06-12 11:23:18 +0000},
	Date-Modified = {2012-06-12 11:46:02 +0000},
	Lastchecked = {12. Juni 2012},
	Title = {Flex SDK},
	Url = {http://sourceforge.net/adobe/flexsdk/wiki/},
	Year = {2012},
	Bdsk-Url-1 = {http://sourceforge.net/adobe/flexsdk/wiki/}}

@misc{github,
	Author = {GitHub},
	Date-Added = {2012-06-12 11:21:48 +0000},
	Date-Modified = {2012-06-12 11:46:26 +0000},
	Lastchecked = {12. Juni 2012},
	Title = {GitHub - Social Coding},
	Url = {https://github.com/},
	Year = {2012},
	Bdsk-Url-1 = {https://github.com/}}

@misc{git,
	Author = {Git},
	Date-Added = {2012-06-12 11:19:50 +0000},
	Date-Modified = {2012-06-12 11:46:12 +0000},
	Lastchecked = {12. Juni 2012},
	Title = {Git - Fast Version Control},
	Url = {http://git-scm.com/},
	Year = {2012},
	Bdsk-Url-1 = {http://git-scm.com/}}

@book{dankert09,
	Author = {J{\"u}rgen Dankert, Helga Dankert},
	Date-Added = {2012-05-31 00:01:22 +0000},
	Date-Modified = {2012-06-09 15:03:41 +0000},
	Isbn = {9783835101777},
	Lastchecked = {31.05.2012},
	Publisher = {Vieweg + Teubner},
	Title = {Technische Mechanik: Statik, Festigkeitslehre, Kinematik/Kinetik},
	Url = {http://www.tm-aktuell.de/TM5/Doppelpendel/doppelpendel_grenzen.html},
	Year = {2009},
	Bdsk-Url-1 = {http://www.tm-aktuell.de/TM5/Doppelpendel/doppelpendel_grenzen.html}}

@misc{kramann11,
	Author = {G Kramann},
	Date-Added = {2012-05-30 23:59:38 +0000},
	Date-Modified = {2012-06-09 15:12:07 +0000},
	Lastchecked = {31.05.2012},
	Title = {Simulationsgleichungen eines Doppelpendels},
	Url = {http://www.kramann.info/61_Kinematik/02_NewtonEuler/04_Doppelpendel/index.php},
	Year = {2011},
	Bdsk-Url-1 = {http://www.kramann.info/61_Kinematik/02_NewtonEuler/04_Doppelpendel/index.php}}

@misc{weissstein07,
	Author = {Eric W. Weisstein},
	Date-Added = {2012-05-30 23:55:15 +0000},
	Date-Modified = {2012-06-09 15:12:32 +0000},
	Institution = {Wolfram Research},
	Lastchecked = {31.05.2012},
	Title = {Double Pendulum},
	Url = {http://scienceworld.wolfram.com/physics/DoublePendulum.html},
	Year = {2007},
	Bdsk-Url-1 = {http://scienceworld.wolfram.com/physics/DoublePendulum.html}}

@misc{neumann04,
	Author = {Erik Neumann},
	Date-Added = {2012-05-30 23:47:29 +0000},
	Date-Modified = {2012-06-12 14:57:08 +0000},
	Lastchecked = {31.05.2012},
	Title = {Double Pendulum},
	Url = {http://www.myphysicslab.com/beta/dbl_pendulum.html},
	Year = {2004},
	Bdsk-Url-1 = {http://www.myphysicslab.com/beta/dbl_pendulum.html}}
