%% This BibTeX bibliography file was created using BibDesk.
%% http://bibdesk.sourceforge.net/


%% Created for mih at 2012-05-31 02:24:21 +0200 


%% Saved with string encoding Unicode (UTF-8) 



@webpage{wf_pendulum_euler,
	Date-Added = {2012-05-31 00:05:40 +0000},
	Date-Modified = {2012-05-31 00:07:38 +0000},
	Lastchecked = {14.04.2012},
	Month = {07},
	Title = {Double Pendulum Euler},
	Url = {http://wonderfl.net/c/lvvN},
	Year = {2011},
	Bdsk-Url-1 = {http://wonderfl.net/c/lvvN}}

@webpage{tm_pendulum,
	Author = {Dankert/Dankert},
	Date-Added = {2012-05-31 00:01:22 +0000},
	Date-Modified = {2012-05-31 00:05:31 +0000},
	Journal = {TM-Aktuell},
	Lastchecked = {25.04.2012},
	Title = {Doppelpendel - Grenzen der Simulation},
	Url = {http://www.tm-aktuell.de/TM5/Doppelpendel/doppelpendel_grenzen.html},
	Year = {2009},
	Bdsk-Url-1 = {http://www.tm-aktuell.de/TM5/Doppelpendel/doppelpendel_grenzen.html}}

@webpage{km_newton_euler,
	Author = {G Kramann},
	Date-Added = {2012-05-30 23:59:38 +0000},
	Date-Modified = {2012-05-31 00:05:05 +0000},
	Lastchecked = {31.05.2012},
	Title = {Simulationsgleichungen eines Doppelpendels},
	Url = {http://www.kramann.info/61_Kinematik/02_NewtonEuler/04_Doppelpendel/index.php},
	Year = {2011},
	Bdsk-Url-1 = {http://www.kramann.info/61_Kinematik/02_NewtonEuler/04_Doppelpendel/index.php}}

@webpage{sw_pendulum,
	Author = {Eric W. Weisstein},
	Date-Added = {2012-05-30 23:55:15 +0000},
	Date-Modified = {2012-05-30 23:59:03 +0000},
	Lastchecked = {31.05.2012},
	Title = {Double Pendulum},
	Url = {http://scienceworld.wolfram.com/physics/DoublePendulum.html},
	Year = {2007},
	Bdsk-Url-1 = {http://scienceworld.wolfram.com/physics/DoublePendulum.html}}

@webpage{pl_runge_kutta,
	Author = {Erik Neumann},
	Date-Added = {2012-05-30 23:52:32 +0000},
	Date-Modified = {2012-05-30 23:59:30 +0000},
	Lastchecked = {31.05.2012},
	Title = {Runge-Kutta Algorithm},
	Url = {http://www.myphysicslab.com/runge_kutta.html},
	Year = {2004},
	Bdsk-Url-1 = {http://www.myphysicslab.com/runge_kutta.html}}

@webpage{pl_pendulum,
	Author = {Erik Neumann},
	Date-Added = {2012-05-30 23:47:29 +0000},
	Date-Modified = {2012-05-30 23:59:22 +0000},
	Lastchecked = {31.05.2012},
	Title = {Double Pendulum},
	Url = {http://www.myphysicslab.com/beta/dbl_pendulum.html},
	Year = {2004},
	Bdsk-Url-1 = {http://www.myphysicslab.com/beta/dbl_pendulum.html}}
